@article{Joshi2024AAnswers,
    title = {{A Comprehensive Survey on Methods Used for Automatic Assessment of Subjective Answers}},
    year = {2024},
    journal = {2024 IEEE International Students' Conference on Electrical, Electronics and Computer Science, SCEECS 2024},
    author = {Joshi, Sudarshan and Bachkar, Akshay and Awaje, Omkar and Bhoir, Rhutuj},
    publisher = {Institute of Electrical and Electronics Engineers Inc.},
    doi = {10.1109/SCEECS61402.2024.10481844},
    keywords = {Image Similarity, Multilingualism, Natural Language Processing, Semantic Analysis, Similarity Techniques}
}

@article{Inman2023ADisruptions,
    title = {{A COVID replication and extension of firms’ resilience to supply chain disruptions}},
    year = {2023},
    journal = {Supply Chain Management},
    author = {Inman, R. Anthony and Green, Kenneth W. and Roberts, Matthew D.},
    publisher = {Emerald Publishing},
    doi = {10.1108/SCM-06-2023-0297},
    issn = {13598546},
    keywords = {Resilience, Risk management, Supply chain disruptions, Supply risk}
}

@article{Henseler2015AModeling,
    title = {{A new criterion for assessing discriminant validity in variance-based structural equation modeling}},
    year = {2015},
    journal = {Journal of the Academy of Marketing Science},
    author = {Henseler, Jörg and Ringle, Christian M. and Sarstedt, Marko},
    number = {1},
    month = {1},
    pages = {115--135},
    volume = {43},
    doi = {10.1007/s11747-014-0403-8},
    issn = {0092-0703}
}

@article{Sawik2017AManagement,
    title = {{A portfolio approach to supply chain disruption management}},
    year = {2017},
    journal = {International Journal of Production Research},
    author = {Sawik, Tadeusz},
    number = {7},
    month = {4},
    pages = {1970--1991},
    volume = {55},
    publisher = {Taylor and Francis Ltd.},
    doi = {10.1080/00207543.2016.1249432},
    issn = {1366588X},
    keywords = {disruption and recovery, disruption management, mixed integer linear programming, production planning, supplier selection, supply chain risk management}
}

@article{Verma2021AReturns,
    title = {{A Statistical Analysis of Impact of COVID19 on the Global Economy and Stock Index Returns}},
    year = {2021},
    journal = {SN Computer Science},
    author = {Verma, Parag and Dumka, Ankur and Bhardwaj, Anuj and Ashok, Alaknanda and Kestwal, Mukesh Chandra and Kumar, Praveen},
    number = {1},
    month = {2},
    volume = {2},
    publisher = {Springer},
    doi = {10.1007/s42979-020-00410-w},
    issn = {26618907},
    pmid = {33458697},
    keywords = {COVID19, Crude oil revenue, Gold revenue, Gross domestic products (GDP), Natural gas revenue, Regression model, S{\&}P500 revenue, Silver revenue, World economy growth, iShares 20 + year treasury bond revenue}
}

@article{Wankhade2022AChallenges,
    title = {{A survey on sentiment analysis methods, applications, and challenges}},
    year = {2022},
    journal = {Artificial Intelligence Review 2022 55:7},
    author = {Wankhade, Mayur and Rao, Annavarapu Chandra Sekhara and Kulkarni, Chaitanya},
    number = {7},
    month = {2},
    pages = {5731--5780},
    volume = {55},
    publisher = {Springer},
    url = {https://link.springer.com/article/10.1007/s10462-022-10144-1},
    isbn = {0123456789},
    doi = {10.1007/S10462-022-10144-1},
    issn = {1573-7462},
    keywords = {Artificial Intelligence, Computer Science, Text analysis, Word embedding, general}
}

@article{Jain2021AReviews,
    title = {{A systematic literature review on machine learning applications for consumer sentiment analysis using online reviews}},
    year = {2021},
    journal = {Computer Science Review},
    author = {Jain, Praphula Kumar and Pamula, Rajendra and Srivastava, Gautam},
    month = {8},
    pages = {100413},
    volume = {41},
    publisher = {Elsevier},
    doi = {10.1016/J.COSREV.2021.100413},
    issn = {1574-0137},
    arxivId = {2008.10282},
    keywords = {Fake review, Hospitality and tourism, Machine Learning, Online reviews, Recommendation prediction, Sentiment analysis}
}

@article{Alantari2022AnReviews,
    title = {{An empirical comparison of machine learning methods for text-based sentiment analysis of online consumer reviews}},
    year = {2022},
    journal = {International Journal of Research in Marketing},
    author = {Alantari, Huwail J. and Currim, Imran S. and Deng, Yiting and Singh, Sameer},
    number = {1},
    month = {3},
    pages = {1--19},
    volume = {39},
    publisher = {North-Holland},
    doi = {10.1016/J.IJRESMAR.2021.10.011},
    issn = {0167-8116},
    keywords = {Automated text analysis, Machine learning, Natural language processing, Online reviews, Sentiment analysis, User generated content}
}

@article{Wagner2006AnVulnerability,
    title = {{An empirical investigation into supply chain vulnerability}},
    year = {2006},
    journal = {Journal of Purchasing and Supply Management},
    author = {Wagner, Stephan M. and Bode, Christoph},
    number = {6 SPEC. ISS.},
    pages = {301--312},
    volume = {12},
    publisher = {Elsevier Ltd},
    doi = {10.1016/j.pursup.2007.01.004},
    issn = {14784092},
    keywords = {Normal accident theory, Risk management, Supply chain management, Supply chain vulnerability, Survey}
}

@article{Riou2016AnResearch,
    title = {{An introduction to the partial least squares approach to structural equation modelling: a method for exploratory psychiatric research}},
    year = {2016},
    journal = {International Journal of Methods in Psychiatric Research},
    author = {Riou, Julien and Guyon, Hervé and Falissard, Bruno},
    number = {3},
    month = {9},
    pages = {220--231},
    volume = {25},
    doi = {10.1002/mpr.1497},
    issn = {1049-8931}
}

@article{Harwood2003AnAnalysis,
    title = {{An Overview of Content Analysis}},
    year = {2003},
    journal = {The Marketing Review},
    author = {Harwood, Tracy G. and Garry, Tony},
    number = {4},
    month = {12},
    pages = {479--498},
    volume = {3},
    doi = {10.1362/146934703771910080},
    issn = {00000000}
}

@article{Dwivedi2023AntecedentsStudy,
    title = {{Antecedents of freight transportation for sustainable supply chain in the post-COVID era: an emerging market study}},
    year = {2023},
    journal = {International Journal of Emerging Markets},
    author = {Dwivedi, Ashish and Pratap, Saurabh and Zhou, Fuli},
    number = {6},
    month = {6},
    pages = {1453--1471},
    volume = {18},
    publisher = {Emerald Publishing},
    doi = {10.1108/IJOEM-01-2022-0065},
    issn = {17468817},
    keywords = {COVID-19, Emerging markets, Freight transportation, Neutrosophic analytic network process (N-ANP), Sustainability}
}

@article{Bharti2017AutomaticSurvey,
    title = {{Automatic Keyword Extraction for Text Summarization: A Survey}},
    year = {2017},
    author = {Bharti, Santosh Kumar and Babu, Korra Sathya},
    month = {4},
    arxivId = {1704.03242}
}

@article{Bolden2000BridgingDivide,
    title = {{Bridging the Quantitative-Qualitative Divide}},
    year = {2000},
    journal = {http://dx.doi.org/10.1177/089443930001800408},
    author = {Bolden, Richard and Moscarola, Jean},
    number = {4},
    month = {11},
    pages = {450--460},
    volume = {18},
    publisher = {Sage PublicationsSage CA: Thousand Oaks, CA},
    url = {https://journals.sagepub.com/doi/abs/10.1177/089443930001800408},
    doi = {10.1177/089443930001800408},
    issn = {08944393},
    keywords = {lexical analysis, qualitative analysis, quantitative analysis, software, textual data analysis}
}

@article{Chen2019BuildingIndustry,
    title = {{Building resilience and managing post-disruption supply chain recovery: Lessons from the information and communication technology industry}},
    year = {2019},
    journal = {International Journal of Information Management},
    author = {Chen, Hsi Yueh and Das, Ajay and Ivanov, Dmitry},
    month = {12},
    pages = {330--342},
    volume = {49},
    publisher = {Elsevier Ltd},
    doi = {10.1016/j.ijinfomgt.2019.06.002},
    issn = {02684012},
    keywords = {Case-study, Disruption management, ICT, Recovery, Resilience, Risks, Supply chain}
}

@misc{Li2023BuildingDisruption,
    title = {{Building responsive and resilient supply chains: Lessons from the COVID-19 disruption}},
    year = {2023},
    booktitle = {Journal of Operations Management},
    author = {Li, Xiang and Zhao, Xiande and Lee, Hau L. and Voss, Chris},
    number = {3},
    month = {4},
    pages = {352--358},
    volume = {69},
    publisher = {John Wiley and Sons Inc},
    doi = {10.1002/joom.1250},
    issn = {18731317}
}

@techreport{ShankarCertificate,
    title = {{Certificate}},
    author = {Shankar, Shiv and Yadav, Kumar},
    url = {https://ssrn.com/abstract=3664668}
}

@article{AbdulHussein2022ChangesCategories,
    title = {{Changes in consumer spending behavior during the COVID-19 pandemic across product categories}},
    year = {2022},
    journal = {Electronic Commerce Research},
    author = {AbdulHussein, Ali and Cozzarin, Brian and Dimitrov, Stanko},
    publisher = {Springer},
    doi = {10.1007/s10660-022-09618-9},
    issn = {15729362},
    keywords = {COVID-19, Channel uncertainty, Consumer spending, Demographic analysis, E-commerce, Online spending, Transaction cost}
}

@article{Burck2005ComparingAnalysis,
    title = {{Comparing qualitative research methodologies for systemic research: the use of grounded theory, discourse analysis and narrative analysis}},
    year = {2005},
    journal = {Journal of Family Therapy},
    author = {Burck, Charlotte},
    number = {3},
    month = {8},
    pages = {237--262},
    volume = {27},
    publisher = {John Wiley {\&} Sons, Ltd},
    url = {https://onlinelibrary.wiley.com/doi/full/10.1111/j.1467-6427.2005.00314.x https://onlinelibrary.wiley.com/doi/abs/10.1111/j.1467-6427.2005.00314.x https://onlinelibrary.wiley.com/doi/10.1111/j.1467-6427.2005.00314.x},
    doi = {10.1111/J.1467-6427.2005.00314.X},
    issn = {1467-6427}
}

@article{VanBao2023ConsumerEnvironment,
    title = {{Consumer Behavior towards E-Commerce in the Post-COVID-19 Pandemic: Implications for Relationship Marketing and Environment}},
    year = {2023},
    journal = {Asian Journal of Business Environment},
    author = {Van Bao, Nguyen and Linh DANG, Hoang and Van BAO, Nguyen and Cho, Yooncheong},
    number = {1},
    pages = {9--19},
    volume = {13},
    doi = {10.13106/ajbe.2023.vol13.no1.9},
    issn = {2765-6934},
    keywords = {Customer Satisfaction, E-commerce, M31, M39, Post-COVID-19 JEL Classification Code: M30, Purchase Decision, Relationship Marketing}
}

@article{Chowdhury2021COVID-19Review,
    title = {{COVID-19 pandemic related supply chain studies: A systematic review}},
    year = {2021},
    journal = {Transportation Research Part E: Logistics and Transportation Review},
    author = {Chowdhury, Priyabrata and Paul, Sanjoy Kumar and Kaisar, Shahriar and Moktadir, Md Abdul},
    month = {4},
    volume = {148},
    publisher = {Elsevier Ltd},
    doi = {10.1016/j.tre.2021.102271},
    issn = {13665545},
    pmid = {33613082},
    keywords = {COVID-19 pandemic, Epidemic outbreaks, Literature review, Supply chain disciplines, Supply chain disruptions}
}

@article{KofiMensah2021Cross-BorderReview,
    title = {{Cross-Border E-Commerce Diffusion and Usage during the period of the COVID-19 Pandemic: A literature Review}},
    year = {2021},
    journal = {ACM International Conference Proceeding Series},
    author = {Kofi Mensah, Isaac and Simon Mwakapesa, Deborah},
    month = {11},
    pages = {59--65},
    publisher = {Association for Computing Machinery},
    url = {https://dl.acm.org/doi/10.1145/3503491.3503500},
    isbn = {9781450390415},
    doi = {10.1145/3503491.3503500},
    keywords = {COVID-19 pandemic, E-commerce, Literature review, cross-border e-commerce}
}

@article{Mirahmadizadeh2018DesigningData,
    title = {{Designing, Constructing, and Analyzing Likert Scale Data}},
    year = {2018},
    journal = {Journal of Education and Community Health},
    author = {Mirahmadizadeh, Alireza and Delam, Hamed and Seif, Mozhgan and Bahrami, Reyhaneh},
    number = {3},
    month = {12},
    pages = {63--72},
    volume = {5},
    url = {http://jech.umsha.ac.ir/article-1-410-en.html},
    doi = {10.21859/jech.5.3.63},
    issn = {2383-2150}
}

@article{Cherrafi2022DigitalEra,
    title = {{Digital technologies and circular economy practices: vital enablers to support sustainable and resilient supply chain management in the post-COVID-19 era}},
    year = {2022},
    journal = {TQM Journal},
    author = {Cherrafi, Anass and Chiarini, Andrea and Belhadi, Amine and El Baz, Jamal and Chaouni Benabdellah, Abla},
    number = {7},
    pages = {179--202},
    volume = {34},
    publisher = {Emerald Publishing},
    doi = {10.1108/TQM-12-2021-0374},
    issn = {17542731},
    keywords = {COVID-19, Circular economy, Digital technologies, Dynamic capabilities, Supply chain management, Sustainability}
}

@article{Michel2023DimensionsPandemic,
    title = {{Dimensions and sub-dimensions of emergency supply chain resilience: a case study of M{\'{e}}decins Sans Fronti{\`{e}}res Logistique during the COVID-19 pandemic}},
    year = {2023},
    journal = {Supply Chain Management},
    author = {Michel, Sylvie and Gerbaix, Sylvie and Bidan, Marc},
    number = {5},
    month = {7},
    pages = {939--953},
    volume = {28},
    publisher = {Emerald Publishing},
    doi = {10.1108/SCM-07-2022-0278},
    issn = {13598546},
    keywords = {Case studies, Collaboration, Humanitarian logistics, Information systems, Supply chain vulnerability}
}

@book{Andy2018DiscoveringStatistics,
    title = {{Discovering Statistics Using IBM SPSS Statistics}},
    year = {2018},
    author = {Andy, Field},
    edition = {5},
    month = {1},
    publisher = {SAGE Publications},
    isbn = {9781526419514}
}

@article{Amann2014DrivingUnion,
    title = {{Driving sustainable supply chain management in the public sector: The importance of public procurement in the European Union}},
    year = {2014},
    journal = {Supply Chain Management},
    author = {Amann, Markus and Roehrich, Jens K. and E{\ss}ig, Michael and Harland, Christine},
    number = {3},
    month = {5},
    pages = {351--366},
    volume = {19},
    publisher = {Emerald Group Holdings Ltd.},
    doi = {10.1108/SCM-12-2013-0447},
    issn = {13598546},
    keywords = {Policy, Procurement file analysis, Public procurement, Public–private relationships, Social responsibility, Sustainability, Sustainable supply chains}
}

@techreport{MaitalEllaBarzani2020EResearch,
    title = {{e Global Economic Impact of COVID-19: A Summary of Research}},
    year = {2020},
    author = {Maital Ella Barzani, Shlomo},
    url = {www.neaman.org.il}
}

@article{Guo2023E-commerceChina,
    title = {{E-commerce and supply chain resilience during COVID-19: Evidence from agricultural input e-stores in China}},
    year = {2023},
    journal = {Journal of Agricultural Economics},
    author = {Guo, Jianxin and Jin, Songqing and Zhao, Jichun and Li, Yuhua},
    number = {2},
    month = {6},
    pages = {369--393},
    volume = {74},
    publisher = {John Wiley and Sons Inc},
    doi = {10.1111/1477-9552.12518},
    issn = {14779552},
    keywords = {COVID-19, China, agricultural input e-commerce, agricultural production, difference-in-differences, supply chain resilience}
}

@article{Agus2021E-CommerceCOVID-19,
    title = {{E-Commerce Performance, Digital Marketing Capability and Supply Chain Capability within E-Commerce Platform: Longitudinal Study Before and After COVID-19}},
    year = {2021},
    journal = {International Journal of Technology},
    author = {Agus, Anna Amalyah and Yudoko, Gatot and Mulyono, Nurbudi and Imaniya, Taliya},
    number = {2},
    pages = {360--370},
    volume = {12},
    publisher = {Faculty of Engineering, Universitas Indonesia},
    doi = {10.14716/ijtech.v12i2.4122},
    issn = {20872100},
    keywords = {COVID-19, Customer review rating, Digital marketing, E-commerce performance, Supply chain capability}
}

@article{Khan2023EnhancementCountry,
    title = {{Enhancement of resilience and quality of cold supply chain under the disruptions caused by COVID-19: A case of a developing country}},
    year = {2023},
    journal = {Australian Journal of Management},
    author = {Khan, Amin Ullah and Ali, Yousaf},
    number = {2},
    month = {5},
    pages = {341--365},
    volume = {48},
    doi = {10.1177/03128962221095596},
    issn = {0312-8962}
}

@misc{Moazzem2022EnvironmentalProducts,
    title = {{Environmental impact of apparel supply chain and textile products}},
    year = {2022},
    booktitle = {Environment, Development and Sustainability},
    author = {Moazzem, Shadia and Crossin, Enda and Daver, Fugen and Wang, Lijing},
    number = {8},
    month = {8},
    pages = {9757--9775},
    volume = {24},
    publisher = {Springer Science and Business Media B.V.},
    doi = {10.1007/s10668-021-01873-4},
    issn = {15732975},
    keywords = {Environmental impact, Impact categories, Life cycle assessment, Sustainability, Textile product, Waste management}
}

@misc{Kamble2021FoodForward,
    title = {{Food supply chains and COVID-19: A way forward}},
    year = {2021},
    booktitle = {Agronomy Journal},
    author = {Kamble, Sachin S. and Mor, Rahul S.},
    number = {2},
    month = {3},
    pages = {2195--2197},
    volume = {113},
    publisher = {John Wiley and Sons Inc},
    doi = {10.1002/agj2.20515},
    issn = {14350645}
}

@article{Deconinck2020FoodLessons,
    title = {{Food Supply Chains and Covid-19: Impacts and Policy Lessons}},
    year = {2020},
    journal = {EuroChoices},
    author = {Deconinck, Koen and Avery, Ellie and Jackson, Lee Ann},
    number = {3},
    month = {12},
    pages = {34--39},
    volume = {19},
    publisher = {Blackwell Publishing Ltd},
    doi = {10.1111/1746-692X.12297},
    issn = {1746692X}
}

@article{Hobbs2020FoodPandemic,
    title = {{Food supply chains during the COVID-19 pandemic}},
    year = {2020},
    journal = {Canadian Journal of Agricultural Economics},
    author = {Hobbs, Jill E.},
    number = {2},
    month = {6},
    pages = {171--176},
    volume = {68},
    publisher = {Blackwell Publishing Ltd},
    doi = {10.1111/cjag.12237},
    issn = {17447976},
    keywords = {cross-border supply chains, labor, online grocery delivery, panic buying, supply chain resilience, transportation}
}

@article{Guo2022HasChina,
    title = {{Has COVID-19 accelerated the E-commerce of agricultural products? Evidence from sales data of E-stores in China}},
    year = {2022},
    journal = {Food Policy},
    author = {Guo, Jianxin and Jin, Songqing and Zhao, Jichun and Wang, Hongbiao and Zhao, Fang},
    month = {10},
    pages = {102377},
    volume = {112},
    publisher = {Pergamon},
    doi = {10.1016/J.FOODPOL.2022.102377},
    issn = {0306-9192},
    keywords = {Agricultural products, COVID-19, China, Difference-in-difference, E-commerce, Resilience of the supply chain}
}

@article{Prataviera2022HeadingChains,
    title = {{Heading for Tomorrow: Resilience Strategies for Post-COVID-19 Grocery Supply Chains}},
    year = {2022},
    journal = {Sustainability (Switzerland)},
    author = {Prataviera, Lorenzo Bruno and Creazza, Alessandro and Melacini, Marco and Dallari, Fabrizio},
    number = {4},
    month = {2},
    volume = {14},
    publisher = {MDPI},
    doi = {10.3390/su14041942},
    issn = {20711050},
    keywords = {COVID-19, Grocery industry, PLS-SEM, Risk management, Supply chain resilience, Survey}
}

@article{Prataviera2022HeadingChainsb,
    title = {{Heading for Tomorrow: Resilience Strategies for Post-COVID-19 Grocery Supply Chains}},
    year = {2022},
    journal = {Sustainability 2022, Vol. 14, Page 1942},
    author = {Prataviera, Lorenzo Bruno and Creazza, Alessandro and Melacini, Marco and Dallari, Fabrizio},
    number = {4},
    month = {2},
    pages = {1942},
    volume = {14},
    publisher = {Multidisciplinary Digital Publishing Institute},
    url = {https://www.mdpi.com/2071-1050/14/4/1942/htm https://www.mdpi.com/2071-1050/14/4/1942},
    doi = {10.3390/SU14041942},
    issn = {2071-1050},
    keywords = {19, COVID, PLS, SEM, grocery industry, risk management, supply chain resilience, survey}
}

@article{2021HOWCOMMERCE,
    title = {{HOW COVID-19 PANDEMIC BOOSTS THE EUROPEAN AND UKRAINIAN ELECTRONIC COMMERCE}},
    year = {2021},
    journal = {Економіка та суспільство},
    author = {Мазоренко, Оксана},
    number = {25},
    month = {3},
    publisher = {Publishing House Helvetica (Publications)},
    doi = {10.32782/2524-0072/2021-25-59}
}

@article{Sharma2022ImpactPerspective,
    title = {{Impact of COVID-19 pandemic on perishable food supply chain management: a contingent Resource-Based View (RBV) perspective}},
    year = {2022},
    journal = {The International Journal of Logistics Management},
    author = {Sharma, Mahak and Alkatheeri, Haseena and Jabeen, Fauzia and Sehrawat, Rajat},
    number = {3},
    month = {8},
    pages = {796--817},
    volume = {33},
    doi = {10.1108/IJLM-02-2021-0131},
    issn = {0957-4093}
}

@article{Zhang2020IntegrationBOPS,
    title = {{Integration of online and offline channels in retail: feasibility of BOPS?}},
    year = {2020},
    journal = {Kybernetes},
    author = {Zhang, Qinyi and Cao, Wen and Liu, Yongmei and Zhang, Zhichao},
    publisher = {Emerald Group Publishing Ltd.},
    doi = {10.1108/K-11-2019-0774},
    issn = {0368492X},
    keywords = {Buy online and pick up in store, Extra consumption, Omnichannel, Peer-regarding fairness, Price and service strategies}
}

@book{Montgomery2021IntroductionAnalysis,
    title = {{Introduction to Linear Regression Analysis}},
    year = {2021},
    author = {Montgomery, D C and Peck, E A and Vining, G G},
    series = {Wiley Series in Probability and Statistics},
    publisher = {Wiley},
    url = {https://books.google.cz/books?id=tCIgEAAAQBAJ},
    isbn = {9781119578758}
}

@book{Mann2018IntroductoryStatistics,
    title = {{Introductory Statistics}},
    year = {2018},
    author = {Mann, Prem S},
    edition = {9}
}

@article{Rajak2022IssuesStudy,
    title = {{Issues and analysis of critical success factors for the sustainable initiatives in the supply chain during COVID- 19 pandemic outbreak in India: A case study}},
    year = {2022},
    journal = {Research in Transportation Economics},
    author = {Rajak, Sonu and Mathiyazhagan, K. and Agarwal, Vernika and Sivakumar, K. and Kumar, Vikas and Appolloni, Andrea},
    month = {6},
    volume = {93},
    publisher = {Emerald Group Holdings Ltd.},
    doi = {10.1016/j.retrec.2021.101114},
    issn = {07398859},
    keywords = {Best-worst method, COVID-19, Critical success factors, Quality function deployment, Supply chain disruption, Sustainable supply chain}
}

@article{Firoozeh2020KeywordMethods,
    title = {{Keyword extraction: Issues and methods}},
    year = {2020},
    journal = {Natural Language Engineering},
    author = {Firoozeh, Nazanin and Nazarenko, Adeline and Alizon, Fabrice and Daille, Béatrice},
    number = {3},
    month = {5},
    pages = {259--291},
    volume = {26},
    publisher = {Cambridge University Press},
    url = {https://www.cambridge.org/core/journals/natural-language-engineering/article/abs/keyword-extraction-issues-and-methods/84BFD5221E2CA86326E5430D03299711},
    doi = {10.1017/S1351324919000457},
    issn = {1351-3249},
    keywords = {Extraction features, Extraction methods, Information extraction, Keyword extraction}
}

@book{Lohmoller1989LatentSquares,
    title = {{Latent Variable Path Modeling with Partial Least Squares}},
    year = {1989},
    author = {Lohm{\"{o}}ller, Jan-Bernd},
    publisher = {Physica-Verlag HD},
    address = {Heidelberg},
    isbn = {978-3-642-52514-8},
    doi = {10.1007/978-3-642-52512-4}
}

@article{Joshi2015LikertExplained,
    title = {{Likert scale: Explored and explained}},
    year = {2015},
    journal = {British journal of applied science {\&} technology},
    author = {Joshi, Ankur and Kale, Saket and Chandel, Satish and Pal, D Kumar},
    number = {4},
    pages = {396--403},
    volume = {7}
}

@article{Ivanov2017LiteratureChain,
    title = {{Literature review on disruption recovery in the supply chain*}},
    year = {2017},
    journal = {International Journal of Production Research},
    author = {Ivanov, Dmitry and Dolgui, Alexandre and Sokolov, Boris and Ivanova, Marina},
    number = {20},
    month = {10},
    pages = {6158--6174},
    volume = {55},
    publisher = {Taylor and Francis Ltd.},
    doi = {10.1080/00207543.2017.1330572},
    issn = {1366588X},
    keywords = {supply chain design, supply chain dynamics, supply chain engineering, supply chain resilience, supply chain risk management}
}

@article{Thilmany2021LocalCOVID-19,
    title = {{Local Food Supply Chain Dynamics and Resilience during COVID-19}},
    year = {2021},
    journal = {Applied Economic Perspectives and Policy},
    author = {Thilmany, Dawn and Canales, Elizabeth and Low, Sarah A. and Boys, Kathryn},
    number = {1},
    month = {3},
    pages = {86--104},
    volume = {43},
    publisher = {John Wiley and Sons Inc},
    doi = {10.1002/aepp.13121},
    issn = {20405804},
    keywords = {COVID-19, Food policy, Q13, Q18, R12, direct-to-consumer markets, e-commerce, local and regional food systems}
}

@article{Maharjan2023LogisticsPandemic,
    title = {{Logistics and Supply Chain Resilience of Japanese Companies: Perspectives from Impacts of the COVID-19 Pandemic}},
    year = {2023},
    journal = {Logistics},
    author = {Maharjan, Rajali and Kato, Hironori},
    number = {2},
    month = {5},
    pages = {27},
    volume = {7},
    doi = {10.3390/logistics7020027},
    issn = {2305-6290}
}

@inproceedings{Wu2007MethodologyAnalysis,
    title = {{Methodology for supply chain disruption analysis}},
    year = {2007},
    booktitle = {International Journal of Production Research},
    author = {Wu, T. and Blackhurst, J. and O'Grady, P.},
    number = {7},
    month = {4},
    pages = {1665--1682},
    volume = {45},
    doi = {10.1080/00207540500362138},
    issn = {00207543},
    keywords = {Network model, Supply chain design, Supply chain disruptions}
}

@article{Batterton2017MilitaryIt,
    title = {{Military Operations Research Society The Likert Scale What It Is and How To Use It}},
    year = {2017},
    journal = {Source: Phalanx},
    author = {Batterton, Katherine A and Hale, Kimberly N},
    number = {2},
    pages = {32--39},
    volume = {50},
    doi = {10.2307/26296382}
}

@article{Asgharizadeh2023ModelingPandemic,
    title = {{Modeling the supply chain network in the fast-moving consumer goods industry during COVID-19 pandemic}},
    year = {2023},
    journal = {Operational Research},
    author = {Asgharizadeh, Ezzatollah and Daneshvar, Amir and Homayounfar, Mahdi and Salahi, Fariba and Amini Khouzani, Mohsen},
    number = {1},
    month = {3},
    pages = {14},
    volume = {23},
    doi = {10.1007/s12351-023-00757-x},
    issn = {1109-2858}
}

@article{RiveroGutierrez2020OmnichannelSector,
    title = {{Omnichannel Strategy and Consumer Behavior in Distribution Channels: Trends in the Ophthalmology Sector}},
    year = {2020},
    journal = {Frontiers in Psychology},
    author = {Rivero Guti{\'{e}}rrez, Lourdes and Samino Garc{\'{i}}a, Rocio},
    month = {6},
    volume = {11},
    publisher = {Frontiers Media S.A.},
    doi = {10.3389/fpsyg.2020.01142},
    issn = {16641078},
    keywords = {consumer behavior, distribution channels, omnichannel, ophthalmology sector, supply chain}
}

@article{Guthrie2021OnlineLockdown,
    title = {{Online consumer resilience during a pandemic: An exploratory study of e-commerce behavior before, during and after a COVID-19 lockdown}},
    year = {2021},
    journal = {Journal of Retailing and Consumer Services},
    author = {Guthrie, Cameron and Fosso-Wamba, Samuel and Arnaud, Jean Brice},
    month = {7},
    volume = {61},
    publisher = {Elsevier Ltd},
    doi = {10.1016/j.jretconser.2021.102570},
    issn = {09696989},
    keywords = {Covid-19, Electronic commerce, Environmentally imposed constraints, Pandemic}
}

@article{Miljenovic2022PandemicsPandemic,
    title = {{Pandemics trends in E-commerce: drop shipping entrepreneurship during COVID-19 pandemic}},
    year = {2022},
    journal = {Pomorstvo},
    author = {Miljenovi{\'{c}}, Dejan and Beri{\v{s}}a, Bono},
    number = {1},
    month = {6},
    pages = {31--43},
    volume = {36},
    publisher = {University of Rijeka, Faculty of Maritime Studies Rijeka},
    doi = {10.31217/p.36.1.4},
    issn = {13320718},
    keywords = {COVID-19, Drop shipping, Entrepreneurship, International trade, Internet, Supply chain}
}

@incollection{Sarstedt2017PartialModeling,
    title = {{Partial Least Squares Structural Equation Modeling}},
    year = {2017},
    booktitle = {Handbook of Market Research},
    author = {Sarstedt, Marko and Ringle, Christian M and Hair, Joseph F},
    editor = {Homburg, Christian and Klarmann, Martin and Vomberg, Arnd},
    pages = {1--40},
    publisher = {Springer International Publishing},
    url = {https://doi.org/10.1007/978-3-319-05542-8_15-1},
    address = {Cham},
    isbn = {978-3-319-05542-8},
    doi = {10.1007/978-3-319-05542-8{\_}15-1}
}

@incollection{Sarstedt2017PartialModelingb,
    title = {{Partial Least Squares Structural Equation Modeling}},
    year = {2017},
    booktitle = {Handbook of Market Research},
    author = {Sarstedt, Marko and Ringle, Christian M. and Hair, Joseph F.},
    pages = {1--40},
    publisher = {Springer International Publishing},
    address = {Cham},
    doi = {10.1007/978-3-319-05542-8{\_}15-1}
}

@article{Tenenhaus2005PLSModeling,
    title = {{PLS path modeling}},
    year = {2005},
    journal = {Computational Statistics {\&} Data Analysis},
    author = {Tenenhaus, Michel and Vinzi, Vincenzo Esposito and Chatelin, Yves-Marie and Lauro, Carlo},
    number = {1},
    month = {1},
    pages = {159--205},
    volume = {48},
    doi = {10.1016/j.csda.2004.03.005},
    issn = {01679473}
}

@article{Wold2001PLS-regression:Chemometrics,
    title = {{PLS-regression: a basic tool of chemometrics}},
    year = {2001},
    journal = {Chemometrics and Intelligent Laboratory Systems},
    author = {Wold, Svante and Sj{\"{o}}str{\"{o}}m, Michael and Eriksson, Lennart},
    number = {2},
    month = {10},
    pages = {109--130},
    volume = {58},
    doi = {10.1016/S0169-7439(01)00155-1},
    issn = {01697439}
}

@article{Singh2023Post-COVIDVaccination,
    title = {{Post-COVID green supply chain management of used products: a study towards awareness for vaccination}},
    year = {2023},
    journal = {Environmental Science and Pollution Research},
    author = {Singh, Tripti and Tripathi, Sarvesh and Dwivedi, Ashish and Acevedo-Duque, Ángel},
    number = {15},
    month = {3},
    pages = {42526--42540},
    volume = {30},
    publisher = {Springer Science and Business Media Deutschland GmbH},
    doi = {10.1007/s11356-022-21321-8},
    issn = {16147499},
    pmid = {35687291},
    keywords = {COVID-19, Green supply chain management, Sustainable development goals, Vaccination}
}

@article{RDp9xHgrt7qVpXXCJZxVKYS,
    title = {{RDp9xHgrt7qVpXXCJZxVKYS}}
}

@article{Muller2023RealizingPandemic,
    title = {{Realizing supply chain agility under time pressure: Ad hoc supply chains during the COVID-19 pandemic}},
    year = {2023},
    journal = {Journal of Operations Management},
    author = {M{\"{u}}ller, Jasmina and Hoberg, Kai and Fransoo, Jan C.},
    number = {3},
    month = {4},
    pages = {426--449},
    volume = {69},
    publisher = {John Wiley and Sons Inc},
    doi = {10.1002/joom.1210},
    issn = {18731317},
    keywords = {COVID-19 pandemic, ad hoc supply chains, dynamic capabilities, entrepreneurial orientation, supply chain agility, temporary orientation}
}

@article{Mishra2024RedefiningFactors,
    title = {{Redefining agile supply chain practices in the disruptive era: a case study identifying vital dimensions and factors}},
    year = {2024},
    journal = {Journal of Global Operations and Strategic Sourcing},
    author = {Mishra, Neelesh Kumar and Pande Sharma, Poorva and Chaudhary, Shyam Kumar},
    publisher = {Emerald Publishing},
    doi = {10.1108/JGOSS-04-2023-0031},
    issn = {23985364},
    keywords = {Agile manufacturing, Case study, Disruption, Qualitative study, Supply chain agility}
}

@article{Sangiumvibool-Howell2023RepurposingReview,
    title = {{Repurposing Food Supply Chain Management for Viability During COVID-19: A Systematic Review}},
    year = {2023},
    journal = {International Journal of Professional Business Review},
    author = {Sangiumvibool-Howell, Payear and Thotharat, Natedao},
    number = {7},
    month = {7},
    pages = {e01438},
    volume = {8},
    doi = {10.26668/businessreview/2023.v8i7.1438},
    issn = {2525-3654}
}

@book{Ghauri2020ResearchStudies,
    title = {{Research methods in business studies}},
    year = {2020},
    author = {Ghauri, Pervez and Gr{\o}nhaug, Kjell and Strange, Roger},
    publisher = {Cambridge University Press}
}

@book{Ghauri2020ResearchStudiesb,
    title = {{Research methods in business studies}},
    year = {2020},
    author = {Ghauri, Pervez and Gr{\o}nhaug, Kjell and Strange, Roger},
    publisher = {Cambridge University Press}
}

@book{Grnhaug2005ResearchGuide,
    title = {{Research methods in business studies: a practical guide}},
    year = {2005},
    author = {Gr{\o}nhaug, Kjell},
    publisher = {Financial Times Prentice Hall},
    isbn = {1405832088}
}

@inproceedings{Elleuch2016ResilienceReview,
    title = {{Resilience and Vulnerability in Supply Chain: Literature review}},
    year = {2016},
    booktitle = {IFAC-PapersOnLine},
    author = {Elleuch, H. and Dafaoui, E. and Elmhamedi, A. and Chabchoub, H.},
    number = {12},
    pages = {1448--1453},
    volume = {49},
    publisher = {Elsevier B.V.},
    doi = {10.1016/j.ifacol.2016.07.775},
    issn = {24058963},
    keywords = {Performance measurement, Resilience, Risk, Supply Chain, Vulnerability}
}

@article{Todo2023RobustnessPandemic,
    title = {{Robustness and resilience of supply chains during the COVID-19 pandemic}},
    year = {2023},
    journal = {World Economy},
    author = {Todo, Yasuyuki and Oikawa, Keita and Ambashi, Masahito and Kimura, Fukunari and Urata, Shujiro},
    number = {6},
    month = {6},
    pages = {1843--1872},
    volume = {46},
    publisher = {John Wiley and Sons Inc},
    doi = {10.1111/twec.13372},
    issn = {14679701},
    keywords = {COVID-19, diversity, homophily, resilience, robustness, supply chains}
}

@misc{Harper2021SuezDay,
    title = {{Suez blockage is holding up {\$}9.6bn of goods a day}},
    year = {2021},
    author = {Harper, Justin},
    month = {3},
    url = {https://www.bbc.com/news/business-56533250},
    language = {English}
}

@article{Graves2022SupplyEra,
    title = {{Supply chain challenges in the post–Covid Era}},
    year = {2022},
    journal = {Production and Operations Management},
    author = {Graves, Stephen C. and Tomlin, Brian T. and Willems, Sean P.},
    number = {12},
    month = {12},
    pages = {4319--4332},
    volume = {31},
    publisher = {John Wiley and Sons Inc},
    doi = {10.1111/poms.13854},
    issn = {19375956},
    keywords = {supply chain disruptions, supply chain dynamics, supply chain resilience, time to rebuild, time to stabilize}
}

@article{Chen2017SupplyAgenda,
    title = {{Supply chain collaboration for sustainability: A literature review and future research agenda}},
    year = {2017},
    journal = {International Journal of Production Economics},
    author = {Chen, Lujie and Zhao, Xiande and Tang, Ou and Price, Lydia and Zhang, Shanshan and Zhu, Wenwen},
    month = {12},
    pages = {73--87},
    volume = {194},
    publisher = {Elsevier B.V.},
    doi = {10.1016/j.ijpe.2017.04.005},
    issn = {09255273},
    keywords = {Literature review, Supply chain collaboration, Sustainability, Triangulation technique}
}

@article{Ramanathan2014SupplyPartnerships,
    title = {{Supply chain collaboration: Impact of success in long-term partnerships}},
    year = {2014},
    journal = {International Journal of Production Economics},
    author = {Ramanathan, Usha and Gunasekaran, Angappa},
    number = {PART B},
    month = {1},
    pages = {252--259},
    volume = {147},
    doi = {10.1016/j.ijpe.2012.06.002},
    issn = {09255273},
    keywords = {Investment decisions, Structural equation modelling and long-term partnership, Supply chain collaboration}
}

@article{Yin2022SupplyFsQCA,
    title = {{Supply Chain Diversification, Digital Transformation, and Supply Chain Resilience: Configuration Analysis Based on fsQCA}},
    year = {2022},
    journal = {Sustainability (Switzerland)},
    author = {Yin, Weili and Ran, Wenxue},
    number = {13},
    month = {7},
    volume = {14},
    publisher = {MDPI},
    doi = {10.3390/su14137690},
    issn = {20711050},
    keywords = {digital transformation, fsQCA, resource orchestration theory, supply chain diversification, supply chain resilience}
}

@article{Paul2021SupplyPandemic,
    title = {{Supply chain recovery challenges in the wake of COVID-19 pandemic}},
    year = {2021},
    journal = {Journal of Business Research},
    author = {Paul, Sanjoy Kumar and Chowdhury, Priyabrata and Moktadir, Md Abdul and Lau, Kwok Hung},
    month = {11},
    pages = {316--329},
    volume = {136},
    publisher = {Elsevier Inc.},
    doi = {10.1016/j.jbusres.2021.07.056},
    issn = {01482963},
    keywords = {COVID-19 pandemic, Delphi method, Grey DEMATEL, Recovery challenges, Supply chain management}
}

@article{Ruamchart2023SupplyIndustry,
    title = {{Supply chain resilience after the Covid-19 pandemic in Thai industry}},
    year = {2023},
    journal = {Uncertain Supply Chain Management},
    author = {Ruamchart, Baweena},
    number = {4},
    pages = {1617--1626},
    volume = {11},
    doi = {10.5267/j.uscm.2023.7.007},
    issn = {22916822}
}

@misc{Tukamuhabwa2015SupplyStudy,
    title = {{Supply chain resilience: Definition, review and theoretical foundations for further study}},
    year = {2015},
    booktitle = {International Journal of Production Research},
    author = {Tukamuhabwa, Benjamin R. and Stevenson, Mark and Busby, Jerry and Zorzini, Marta},
    number = {18},
    month = {9},
    pages = {5592--5623},
    volume = {53},
    publisher = {Taylor and Francis Ltd.},
    doi = {10.1080/00207543.2015.1037934},
    issn = {1366588X},
    keywords = {Complex Adaptive Systems, literature review, strategies, supply chain resilience}
}

@article{Charlebois2021SupplyStudy,
    title = {{Supply Chain Responsiveness to a (Post)-Pandemic Grocery and Food Service E-Commerce Economy: An Exploratory Canadian Case Study}},
    year = {2021},
    journal = {Businesses},
    author = {Charlebois, Sylvain and Juhasz, Mark and Music, Janet},
    number = {2},
    month = {7},
    pages = {72--90},
    volume = {1},
    publisher = {MDPI AG},
    doi = {10.3390/businesses1020006}
}

@incollection{Wold1985SystemsSquares,
    title = {{Systems Analysis by Partial Least Squares}},
    year = {1985},
    booktitle = {Measuring the Unmeasurable},
    author = {Wold, Herman},
    pages = {221--251},
    publisher = {Springer Netherlands},
    address = {Dordrecht},
    doi = {10.1007/978-94-009-5079-5{\_}11}
}

@misc{vanHoek2020TalentManagers,
    title = {{Talent Management For a Post-COVID-19 Supply Chain—The Critical Role for Managers}},
    year = {2020},
    booktitle = {Journal of Business Logistics},
    author = {van Hoek, Remko and Gibson, Brian and Johnson, Mark},
    number = {4},
    month = {12},
    pages = {334--336},
    volume = {41},
    publisher = {Wiley-Blackwell},
    doi = {10.1111/jbl.12266},
    issn = {21581592},
    keywords = {COVID-19, digitization, talent Management, university Model}
}

@inproceedings{Yuan2018TextStrategy,
    title = {{Text Keyword Extraction Based on Meta-Learning Strategy}},
    year = {2018},
    booktitle = {2018 International Conference on Big Data and Artificial Intelligence (BDAI)},
    author = {Yuan, Man and Zou, Chenhong},
    month = {6},
    pages = {78--81},
    publisher = {IEEE},
    isbn = {978-1-5386-6136-9},
    doi = {10.1109/BDAI.2018.8546672}
}

@article{Simatupang2002TheChain,
    title = {{The Collaborative Supply Chain}},
    year = {2002},
    journal = {The International Journal of Logistics Management},
    author = {Simatupang, Togar M. and Sridharan, R.},
    number = {1},
    month = {1},
    pages = {15--30},
    volume = {13},
    doi = {10.1108/09574090210806333},
    issn = {0957-4093}
}

@article{Lin2021TheManufacturers,
    title = {{The effects of supply chain diversification during the COVID-19 crisis: Evidence from Chinese manufacturers}},
    year = {2021},
    journal = {Transportation Research Part E: Logistics and Transportation Review},
    author = {Lin, Yongjia and Fan, Di and Shi, Xuanyi and Fu, Maggie},
    month = {11},
    volume = {155},
    publisher = {Elsevier Ltd},
    doi = {10.1016/j.tre.2021.102493},
    issn = {13665545},
    keywords = {COVID-19, Customer base diversification, Regression, Secondary data, Supply base diversification, Supply chain disruption}
}

@techreport{Toczynski2021TheAirports,
    title = {{The Impact of COVID 19 on the Aviation Fuel Supply Chain in the Face of Changes in Air Traffic Service: Case Study of one of the Polish Airports}},
    year = {2021},
    booktitle = {European Research Studies Journal},
    author = {T{\l}oczy{\'{n}}ski, Dariusz and Wach-Kloskowska, Małgorzata and Susmarski, Sebastian},
    pages = {623--633},
    volume = {XXIV},
    keywords = {Supply chain, air transport market JEL classification: O18, fuel logistics}
}

@article{He2023TheTrends,
    title = {{The impact of COVID-19 on global health journals: An analysis of impact factor and publication trends}},
    year = {2023},
    journal = {BMJ Global Health},
    author = {He, Jiaxin and Liu, Xinliang and Lu, Xinyang and Zhong, Meiling and Jia, Changli and Lucero-Prisno, Don Eliseo and Ma, Zheng Feei and Li, Hao},
    number = {4},
    month = {4},
    volume = {8},
    publisher = {BMJ Publishing Group},
    doi = {10.1136/bmjgh-2022-011514},
    issn = {20597908},
    keywords = {COVID-19, Cross-sectional survey, Public Health}
}

@article{Shrestha2020TheGlobalization,
    title = {{The impact of COVID-19 on globalization}},
    year = {2020},
    journal = {One Health},
    author = {Shrestha, Nistha and Shad, Muhammad Yousaf and Ulvi, Osman and Khan, Modasser Hossain and Karamehic-Muratovic, Ajlina and Nguyen, Uyen Sa D.T. and Baghbanzadeh, Mahdi and Wardrup, Robert and Aghamohammadi, Nasrin and Cervantes, Diana and Nahiduzzaman, Kh Md and Zaki, Rafdzah Ahmad and Haque, Ubydul},
    month = {12},
    volume = {11},
    publisher = {Elsevier B.V.},
    doi = {10.1016/j.onehlt.2020.100180},
    issn = {23527714},
    pmid = {33072836},
    keywords = {COVID-19, Economic impact, Global Health, Globalization, Infectious diseases, Pandemic, SARS-CoV-2, TOPSIS}
}

@article{Din2022ThePurchasing,
    title = {{The Impact of COVID-19 on the Food Supply Chain and the Role of E-Commerce for Food Purchasing}},
    year = {2022},
    journal = {Sustainability (Switzerland)},
    author = {Din, Ashraf Ud and Han, Heesup and Ariza-Montes, Antonio and Vega-Mu{\~{n}}oz, Alejandro and Raposo, António and Mohapatra, Shruti},
    number = {5},
    month = {3},
    volume = {14},
    publisher = {MDPI},
    doi = {10.3390/su14053074},
    issn = {20711050},
    keywords = {COVID-19, E-commerce, Food purchasing, Supply chain}
}

@article{Musella2023TheFragilities,
    title = {{The impact of Covid-19 on the supply chain : Review of the effects of a pandemic crisis on the global supply system and analysis of its fragilities}},
    year = {2023},
    author = {Musella, Lorenzo},
    url = {https://urn.kb.se/resolve?urn=urn:nbn:se:kth:diva-325838},
    keywords = {Engineering and Technology, Teknik och teknologier}
}

@article{Hundal2022TheFramework,
    title = {{The impact of Lean Six Sigma practices on supply chain resilience during COVID 19 disruption: a conceptual framework}},
    year = {2022},
    journal = {Total Quality Management and Business Excellence},
    author = {Hundal, Gaganpreet Singh and Thiyagarajan, Senthilkumar and Alduraibi, Manal and Laux, Chad Matthew and Furterer, Sandra L. and Cudney, Elizabeth A. and Antony, Jiju},
    number = {15-16},
    pages = {1913--1931},
    volume = {33},
    publisher = {Routledge},
    doi = {10.1080/14783363.2021.2014313},
    issn = {14783371},
    keywords = {COVID 19, Lean Six Sigma, framework, pandemic, supply chain resilience}
}

@techreport{Li2010TheValue,
    title = {{The Marketing/Operations Management Interface: Toward a Science of Delivering Value}},
    year = {2010},
    author = {Li, Shan}
}

@article{Singh2009ThePerspective,
    title = {{The nature and effectiveness of collaboration between firms, their customers and suppliers: A supply chain perspective}},
    year = {2009},
    journal = {Supply Chain Management},
    author = {Singh, Prakash J. and Power, Damien},
    number = {3},
    pages = {189--200},
    volume = {14},
    doi = {10.1108/13598540910954539},
    issn = {13598546},
    keywords = {Australia, Manufacturing systems, Structural design, Supply chain management}
}

@article{2022TheNormal,
    title = {{The new normal?}},
    year = {2022},
    journal = {Strategic Direction},
    number = {3},
    month = {2},
    pages = {7--8},
    volume = {38},
    publisher = {Emerald Group Holdings Ltd.},
    url = {https://www.emerald.com/insight/content/doi/10.1108/SD-12-2021-0174/full/html},
    doi = {10.1108/SD-12-2021-0174},
    issn = {0258-0543},
    keywords = {COVID-19, Service industry, Socio-economic, Supply chain, Technology}
}

@incollection{Chin1998TheModeling,
    title = {{The Partial Least Squares Approach to Structural Equation Modeling}},
    year = {1998},
    author = {Chin, Wynne W},
    pages = {295--336},
    url = {https://www.researchgate.net/publication/311766005}
}

@article{Chin1998TheModelingb,
    title = {{The Partial Least Squares Approach to Structural Equation Modeling}},
    year = {1998},
    journal = {Modern Methods for Business Research},
    author = {Chin, Wynne and Marcoulides, G},
    month = {8},
    volume = {8}
}

@article{Montanya2023ThePandemic,
    title = {{The resilience factors of the agri-food supply chain: An integrative review of the literature in the context of the covid-19 pandemic}},
    year = {2023},
    journal = {Intangible Capital},
    author = {Montany{\`{a}}, Oriol and Amat, Oriol},
    number = {3},
    month = {5},
    pages = {379},
    volume = {19},
    doi = {10.3926/ic.1746},
    issn = {1697-9818}
}

@article{Wang2024TheCOVID-19,
    title = {{The role of supply chain diversification in mitigating the negative effects of supply chain disruptions in COVID-19}},
    year = {2024},
    journal = {International Journal of Operations and Production Management},
    author = {Wang, Qiang and Zhou, Haidi and Zhao, Xiande},
    number = {1},
    month = {1},
    pages = {99--132},
    volume = {44},
    publisher = {Emerald Publishing},
    doi = {10.1108/IJOPM-09-2022-0567},
    issn = {17586593},
    keywords = {COVID-19, Customer diversification, Event study, Product diversification, Supplier diversification, Supply chain disruption}
}

@article{LegeseFeyisa2020TheReview,
    title = {{The World Economy at COVID-19 Quarantine: Contemporary Review}},
    year = {2020},
    journal = {International Journal of Economics, Finance and Management Sciences},
    author = {Legese Feyisa, Habtamu},
    number = {2},
    pages = {63},
    volume = {8},
    publisher = {Science Publishing Group},
    doi = {10.11648/j.ijefm.20200802.11},
    issn = {2326-9553}
}

@book{Box2015TimeControl,
    title = {{Time series analysis: forecasting and control}},
    year = {2015},
    author = {Box, George E P and Jenkins, Gwilym M and Reinsel, Gregory C and Ljung, Greta M},
    edition = {5th;5;1;Fifth;Fifth;},
    publisher = {Wiley},
    url = {https://ebookcentral.proquest.com/lib/bthbib-ebooks/detail.action?docID=2064681},
    address = {New York},
    isbn = {9781118675021},
    keywords = {Feedback control systems, Feedback control systems - Mathematical models, Prediction theory, Time-series analysis, Transfer functions},
    language = {English}
}

@article{Finkenstadt2021TuningConcerns,
    title = {{Tuning value chains for better signals in the post-COVID era: vaccine supply chain concerns}},
    year = {2021},
    journal = {International Journal of Operations and Production Management},
    author = {Finkenstadt, Daniel J. and Handfield, Robert B.},
    number = {8},
    pages = {1302--1317},
    volume = {41},
    publisher = {Emerald Group Holdings Ltd.},
    doi = {10.1108/IJOPM-01-2021-0039},
    issn = {17586593},
    keywords = {Healthcare sector, Humanitarian logistics, Supply chain integration, Vaccines}
}

@article{Ponomarov2009UnderstandingResilience,
    title = {{Understanding the concept of supply chain resilience}},
    year = {2009},
    journal = {The International Journal of Logistics Management},
    author = {Ponomarov, Serhiy Y. and Holcomb, Mary C.},
    number = {1},
    month = {5},
    pages = {124--143},
    volume = {20},
    doi = {10.1108/09574090910954873},
    issn = {17586550},
    keywords = {Adaptability, Risk management, Supply chain management}
}

@article{Hair2019WhenPLS-SEM,
    title = {{When to use and how to report the results of PLS-SEM}},
    year = {2019},
    journal = {European Business Review},
    author = {Hair, Joseph F. and Risher, Jeffrey J. and Sarstedt, Marko and Ringle, Christian M.},
    number = {1},
    month = {1},
    pages = {2--24},
    volume = {31},
    doi = {10.1108/EBR-11-2018-0203},
    issn = {0955-534X}
}